@misc{christian_veelken_2023_8113344,
	author       = {Torben Lange and
	Saswati Nandan and
	Joosep Pata and
	Laurits Tani and
	Christian Veelken
	},
	title        = "{HEP-KBFI/ml-tau-reco: Submission}",
	month        = jul,
	year         = 2023,
	publisher    = {Zenodo},
	version      = {v1.0.0},
	doi          = {10.5281/zenodo.8113344},
	url          = {https://doi.org/10.5281/zenodo.8113344}
}
@article{Ganis:2021vgv,
	author = {Ganis, Gerardo and Helsens, Cl\'ement and V\"olkl, Valentin},
	title = "{Key4hep, a framework for future HEP experiments and its use in FCC}",
	eprint = "2111.09874",
	archivePrefix = "arXiv",
	primaryClass = "hep-ex",
	doi = "10.1140/epjp/s13360-021-02213-1",
	journal = "Eur. Phys. J. Plus",
	volume = "137",
	pages = "149",
	year = "2022"
}
@TECHREPORT{CMS:2011hta,
	author        = "{CMS Collaboration}",
	title = "{Status of $\Pqb$-tagging and vertexing tools for $2011$ data analysis}",
	URL           = "{http://cds.cern.ch/record/1395489}",
	type          = "{CMS physics analysis summary}",
	reportNumber  = "CMS-PAS-BTV-11-002",
	year          = "2011",
	SLACcitation  = "%%CITATION = CMS-PAS-BTV-11-002;%%"
}
@TECHREPORT{Kramer:2006zz,
	author = "Kramer, Thomas",
	title = "{Track parameters in LCIO}",
	URL           = "{https://bib-pubdb1.desy.de/record/81214/files/LC-DET-2006-004[1].pdf}",
	type          = "{Linear collider note}",
	reportNumber  = "LC-DET-2006-004",
	year          = "2021",
	SLACcitation  = "%%CITATION = LC-DET-2006-004;%%"
}
@mastersthesis{Kuhr:1998jk,
	author = "Kuhr, Thomas",
	title = "{Rekonstruktion von V0s mit dem H1-Silizium-Detektor}",
	school = "Hamburg U.",
	year = "1998"
}
@misc{weissteinWolfram,
	author="Weisstein, Eric W. ", 
	title= "Point-Line Distance--3-Dimensional. - From MathWorld--A Wolfram Web Resource.",
	howpublished="https://mathworld.wolfram.com/Point-LineDistance3-Dimensional.html",
	year="2023"
}




@article{ATLAS:2017eiz,
    author = "{ATLAS Collaboration}",
    title = "{Search for additional heavy neutral Higgs and gauge bosons in the ditau final state produced in 36 fb$^{-1}$ of pp collisions at $\sqrt{s}=13$~\TeV with the ATLAS detector}",
    eprint = "1709.07242",
    archivePrefix = "arXiv",
    primaryClass = "hep-ex",
    reportNumber = "CERN-EP-2017-199",
    doi = "10.1007/JHEP01(2018)055",
    journal = "JHEP",
    volume = "01",
    pages = "055",
    year = "2018"
}



@article{ATLAS:2018ihk,
    author = "{ATLAS Collaboration}",
    title = "{Search for high-mass resonances decaying to $\Pgt\Pgn$ in $\Pp\Pp$ collisions at $\sqrt{s}=13$~\TeV with the ATLAS detector}",
    eprint = "1801.06992",
    archivePrefix = "arXiv",
    primaryClass = "hep-ex",
    reportNumber = "CERN-EP-2017-341",
    doi = "10.1103/PhysRevLett.120.161802",
    journal = "Phys. Rev. Lett.",
    volume = "120",
    pages = "161802",
    year = "2018"
}







@article{CMS:2022ncp,
    author = "{CMS Collaboration}",
    title = "{Search for new physics in the $\Pgt$ lepton plus missing transverse momentum final state in proton-proton collisions at $\sqrt{s} = 13$~\TeV}",
    eprint = "2212.12604",
    archivePrefix = "arXiv",
    primaryClass = "hep-ex",
    reportNumber = "CMS-EXO-21-009, CERN-EP-2022-268",
    year = "2022"
}

@article{ATLAS:2015xst,
    author = "{ATLAS Collaboration}",
    title = "{Evidence for the Higgs-boson Yukawa coupling to tau leptons with the ATLAS detector}",
    eprint = "1501.04943",
    archivePrefix = "arXiv",
    primaryClass = "hep-ex",
    reportNumber = "CERN-PH-EP-2014-262",
    doi = "10.1007/JHEP04(2015)117",
    journal = "JHEP",
    volume = "04",
    pages = "117",
    year = "2015"
}

@article{CMS:2014suk,
    author = "{CMS Collaboration}",
    title = "{Evidence for the direct decay of the $125$~\GeV Higgs boson to fermions}",
    eprint = "1401.6527",
    archivePrefix = "arXiv",
    primaryClass = "hep-ex",
    reportNumber = "CMS-HIG-13-033, CERN-PH-EP-2014-004",
    doi = "10.1038/nphys3005",
    journal = "Nature Phys.",
    volume = "10",
    pages = "557",
    year = "2014"
}

@article{ATLAS:2020zms,
    author = "{ATLAS Collaboration}",
    title = "{Search for heavy Higgs bosons decaying into two tau leptons with the ATLAS detector using $\Pp\Pp$ collisions at $\sqrt{s}=13$~\TeV}",
    eprint = "2002.12223",
    archivePrefix = "arXiv",
    primaryClass = "hep-ex",
    reportNumber = "CERN-EP-2020-014",
    doi = "10.1103/PhysRevLett.125.051801",
    journal = "Phys. Rev. Lett.",
    volume = "125",
    pages = "051801",
    year = "2020"
}

@article{ATLAS:2018gfm,
    author = "{ATLAS Collaboration}",
    title = "{Search for charged Higgs bosons decaying via $\PHpm \to \Pgtpm\Pgngt$ in the $\Pgt$+jets and $\Pgt$+lepton final states with $36$~fb$^{-1}$ of $\Pp\Pp$ collision data recorded at $\sqrt{s} = 13$~\TeV with the ATLAS experiment}",
    eprint = "1807.07915",
    archivePrefix = "arXiv",
    primaryClass = "hep-ex",
    reportNumber = "CERN-EP-2018-148",
    doi = "10.1007/JHEP09(2018)139",
    journal = "JHEP",
    volume = "09",
    pages = "139",
    year = "2018"
}

@article{CMS:2019bfg,
    author = "{CMS Collaboration}",
    title = "{Search for charged Higgs bosons in the $\PHpm \to \Pgtpm\Pgngt$ decay channel in proton-proton collisions at $\sqrt{s} = 13$~\TeV}",
    eprint = "1903.04560",
    archivePrefix = "arXiv",
    primaryClass = "hep-ex",
    reportNumber = "CMS-HIG-18-014, CERN-EP-2019-025",
    doi = "10.1007/JHEP07(2019)142",
    journal = "JHEP",
    volume = "07",
    pages = "142",
    year = "2019"
}

@article{CMS:2022goy,
    author = "{CMS Collaboration}",
    title = "{Searches for additional Higgs bosons and for vector lepto-quarks in $\Pgt\Pgt$ final states in proton-proton collisions at $\sqrt{s} = 13$~\TeV}",
    eprint = "2208.02717",
    archivePrefix = "arXiv",
    primaryClass = "hep-ex",
    reportNumber = "CMS-HIG-21-001, CERN-EP-2022-137",
    year = "2022"
}

@article{CMS:2021yci,
    author = "{CMS Collaboration}",
    title = "{Search for a heavy Higgs boson decaying into two lighter Higgs bosons in the $\Pgt\Pgt\Pqb\Pqb$ final state at $13$~\TeV}",
    eprint = "2106.10361",
    archivePrefix = "arXiv",
    primaryClass = "hep-ex",
    reportNumber = "CMS-HIG-20-014, CERN-EP-2021-094",
    doi = "10.1007/JHEP11(2021)057",
    journal = "JHEP",
    volume = "11",
    pages = "057",
    year = "2021"
}

@article{ATLAS:2019qpq,
    author = "{ATLAS Collaboration}",
    title = "{Searches for third-generation scalar lepto-quarks in $\sqrt{s} = 13$~\TeV $\Pp\Pp$ collisions with the ATLAS detector}",
    eprint = "1902.08103",
    archivePrefix = "arXiv",
    primaryClass = "hep-ex",
    reportNumber = "CERN-EP-2019-026",
    doi = "10.1007/JHEP06(2019)144",
    journal = "JHEP",
    volume = "06",
    pages = "144",
    year = "2019"
}

@article{ATLAS:2022xzm,
    author = "{ATLAS Collaboration}",
    title = "{Search for resonant and non-resonant Higgs boson pair production in the $\Pqb\Paqb\Pgtp\Pgtm$ decay channel using $13$~\TeV $\Pp\Pp$ collision data from the ATLAS detector}",
    eprint = "2209.10910",
    archivePrefix = "arXiv",
    primaryClass = "hep-ex",
    reportNumber = "CERN-EP-2022-109",
    journal={arXiv:2209.10910},
    year = "2022"
}

@article{CMS:2022hgz,
    author = "{CMS Collaboration}",
    title = "{Search for non-resonant Higgs boson pair production in final state with two bottom quarks and two tau leptons in proton-proton collisions at $\sqrt{s} = 13$~\TeV}",
    eprint = "2206.09401",
    archivePrefix = "arXiv",
    primaryClass = "hep-ex",
    reportNumber = "CMS-HIG-20-010, CERN-EP-2022-117",
    year = "2022"
}

@article{CMS:2021sdq,
    author = "{CMS Collaboration}",
    title = "{Analysis of the $CP$ structure of the Yukawa coupling between the Higgs boson and $\Pgt$ leptons in proton-proton collisions at $\sqrt{s} = 13$~\TeV}",
    eprint = "2110.04836",
    archivePrefix = "arXiv",
    primaryClass = "hep-ex",
    reportNumber = "CMS-HIG-20-006, CERN-EP-2021-189",
    doi = "10.1007/JHEP06(2022)012",
    journal = "JHEP",
    volume = "06",
    pages = "012",
    year = "2022"
}

@article{ALEPH:2001uca,
    author = "{ALEPH Collaboration}",
    title = "{Measurement of the tau polarization at LEP}",
    eprint = "hep-ex/0104038",
    archivePrefix = "arXiv",
    reportNumber = "CERN-EP-2001-027",
    doi = "10.1007/s100520100689",
    journal = "Eur. Phys. J. C",
    volume = "20",
    pages = "401",
    year = "2001"
}

@article{DELPHI:1999yne,
    author = "{DELPHI Collaboration}",
    title = "{A Precise measurement of the tau polarization at LEP-1}",
    reportNumber = "CERN-EP-99-161",
    doi = "10.1007/s100520000363",
    journal = "Eur. Phys. J. C",
    volume = "14",
    pages = "585",
    year = "2000"
}

@article{L3:1998oan,
    author = "{L3 Collaboration}",
    title = "{Measurement of tau polarization at LEP}",
    reportNumber = "CERN-EP-98-026, CERN-EP-98-26",
    doi = "10.1016/S0370-2693(98)00406-7",
    journal = "Phys. Lett. B",
    volume = "429",
    pages = "387",
    year = "1998"
}

@article{OPAL:2001brm,
    author = "{OPAL Collaboration}",
    title = "{Precision neutral current asymmetry parameter measurements from the tau polarization at LEP}",
    eprint = "hep-ex/0103045",
    archivePrefix = "arXiv",
    reportNumber = "CERN-EP-2001-023",
    doi = "10.1007/s100520100714",
    journal = "Eur. Phys. J. C",
    volume = "21",
    pages = "1",
    year = "2001"
}

@article{ParticleDataGroup:2022pth,
    author = "{Particle Data Group}",
    title = "{Review of Particle Physics}",
    doi = "10.1093/ptep/ptac097",
    journal = "PTEP",
    volume = "2022",
    pages = "083C01",
    year = "2022"
}

@article{Amhis:2021cfy,
    author = "Amhis, Yasmine and Hartmann, Marie and Helsens, Cl\'ement and Hill, Donal and Sumensari, Olcyr",
    title = "{Prospects for $\PcB \to \Pgtp\Pgngt$ at FCC-ee}",
    eprint = "2105.13330",
    archivePrefix = "arXiv",
    primaryClass = "hep-ex",
    doi = "10.1007/JHEP12(2021)133",
    journal = "JHEP",
    volume = "12",
    pages = "133",
    year = "2021"
}

@article{Dam:2018rfz,
    author = "Dam, Mogens",
    title = "{Tau-lepton physics at the FCC-ee circular $\Pep\Pem$ collider}",
    eprint = "1811.09408",
    archivePrefix = "arXiv",
    primaryClass = "hep-ex",
    doi = "10.21468/SciPostPhysProc.1.041",
    journal = "SciPost Phys. Proc.",
    volume = "1",
    pages = "041",
    year = "2019"
}

@article{ATLAS:2018sky,
    author = "{ATLAS Collaboration}",
    title = "{A search for lepton-flavor-violating decays of the $\PZ$ boson into a $\Pgt$ lepton and a light lepton with the ATLAS detector}",
    eprint = "1804.09568",
    archivePrefix = "arXiv",
    primaryClass = "hep-ex",
    reportNumber = "CERN-EP-2018-052",
    doi = "10.1103/PhysRevD.98.092010",
    journal = "Phys. Rev. D",
    volume = "98",
    pages = "092010",
    year = "2018"
}

@article{Harnik:2012pb,
    author = "Harnik, Roni and Kopp, Joachim and Zupan, Jure",
    title = "{Flavor violating Higgs decays}",
    eprint = "1209.1397",
    archivePrefix = "arXiv",
    primaryClass = "hep-ph",
    reportNumber = "FERMILAB-PUB-12-498-T",
    doi = "10.1007/JHEP03(2013)026",
    journal = "JHEP",
    volume = "03",
    pages = "026",
    year = "2013"
}

@article{CMS:2017con,
    author = "{CMS Collaboration}",
    title = "{Search for lepton flavour violating decays of the Higgs boson to $\Pgm\Pgt$ and $\Pe\Pgt$ in proton-proton collisions at $\sqrt{s}=13$~\TeV}",
    eprint = "1712.07173",
    archivePrefix = "arXiv",
    primaryClass = "hep-ex",
    reportNumber = "CMS-HIG-17-001, CERN-EP-2017-292",
    doi = "10.1007/JHEP06(2018)001",
    journal = "JHEP",
    volume = "06",
    pages = "001",
    year = "2018"
}

@article{Giagu:2022gmq,
    author = "Giagu, Stefano and Torresi, Luca and Di Filippo, Matteo",
    title = "{Tau lepton identification with graph neural networks at future electron--positron colliders}",
    doi = "10.3389/fphy.2022.909205",
    journal = "Front. in Phys.",
    volume = "10",
    pages = "909205",
    year = "2022"
}

@article{CMS:2017yfk,
    author = "{CMS Collaboration}",
    title = "{Particle-flow reconstruction and global event description with the CMS detector}",
    eprint = "1706.04965",
    archivePrefix = "arXiv",
    primaryClass = "physics.ins-det",
    reportNumber = "CMS-PRF-14-001, CERN-EP-2017-110",
    doi = "10.1088/1748-0221/12/10/P10003",
    journal = "JINST",
    volume = "12",
    pages = "P10003",
    year = "2017"
}

@article{ATLAS:2014rzk,
    author = "{ATLAS Collaboration}",
    title = "{Identification and energy calibration of hadronically decaying tau leptons with the ATLAS experiment in $\Pp\Pp$ collisions at $\sqrt{s}=8$~\TeV}",
    eprint = "1412.7086",
    archivePrefix = "arXiv",
    primaryClass = "hep-ex",
    reportNumber = "CERN-PH-EP-2014-227",
    doi = "10.1140/epjc/s10052-015-3500-z",
    journal = "Eur. Phys. J. C",
    volume = "75",
    pages = "303",
    year = "2015"
}

@article{CMS:2015pac,
    author = "{CMS Collaboration}",
    title = "{Reconstruction and identification of $\Pgt$ lepton decays to hadrons and $\Pgngt$ at CMS}",
    eprint = "1510.07488",
    archivePrefix = "arXiv",
    primaryClass = "physics.ins-det",
    reportNumber = "CMS-TAU-14-001, CERN-PH-EP-2015-261",
    doi = "10.1088/1748-0221/11/01/P01019",
    journal = "JINST",
    volume = "11",
    pages = "P01019",
    year = "2016"
}

@article{ATLAS:2015boj,
    author = "{ATLAS Collaboration}",
    title = "{Reconstruction of hadronic decay products of tau leptons with the ATLAS experiment}",
    eprint = "1512.05955",
    archivePrefix = "arXiv",
    primaryClass = "hep-ex",
    reportNumber = "CERN-PH-EP-2015-294",
    doi = "10.1140/epjc/s10052-016-4110-0",
    journal = "Eur. Phys. J. C",
    volume = "76",
    pages = "295",
    year = "2016"
}

@article{CMS:2018jrd,
    author = "{CMS Collaboration}",
    title = "{Performance of reconstruction and identification of $\Pgt$ leptons decaying to hadrons and $\Pgngt$ in $\Pp\Pp$ collisions at $\sqrt{s}=13$~\TeV}",
    eprint = "1809.02816",
    archivePrefix = "arXiv",
    primaryClass = "hep-ex",
    reportNumber = "CMS-TAU-16-003, CERN-EP-2018-229",
    doi = "10.1088/1748-0221/13/10/P10005",
    journal = "JINST",
    volume = "13",
    pages = "P10005",
    year = "2018"
}

@TECHREPORT{ATLAS:2019uhp,
     author        = "{ATLAS Collaboration}",
     title = "{Identification of hadronic tau lepton decays using neural networks in the ATLAS experiment}",
     URL           = "{https://cds.cern.ch/record/2688062}",
     type          = "{ATLAS PUB note}",
     reportNumber  = "ATL-PHYS-PUB-2019-033",
     year          = "2019",
     SLACcitation  = "%%CITATION = ATL-PHYS-PUB-2019-033;%%"
}

@article{CMS:2022prd,
    author = "{CMS Collaboration}",
    title = "{Identification of hadronic tau lepton decays using a deep neural network}",
    eprint = "2201.08458",
    archivePrefix = "arXiv",
    primaryClass = "hep-ex",
    reportNumber = "CMS-TAU-20-001, CERN-EP-2021-257",
    doi = "10.1088/1748-0221/17/07/P07023",
    journal = "JINST",
    volume = "17",
    pages = "P07023",
    year = "2022"
}

@TECHREPORT{ATLAS:2022aip,
     author        = "{ATLAS Collaboration}",
     title = "{Reconstruction, identification, and calibration of hadronically decaying tau leptons with the ATLAS detector for the LHC Run 3 and reprocessed Run 2 data}",
     URL           = "{https://cds.cern.ch/record/2827111}",
     type          = "{ATLAS PUB note}",
     reportNumber  = "ATL-PHYS-PUB-2022-044",
     year          = "2022",
     SLACcitation  = "%%CITATION = ATLAS-CONF-2019-021;%%"
}

@article{Huang:2023ssr,
    author = "Huang, Andris and Ju, Xiangyang and Lyons, Jacob and Murnane, Daniel and Pettee, Mariel and Reed, Landon",
    title = "{Heterogeneous graph neural network for identifying hadronically decayed tau leptons at the High Luminosity LHC}",
    eprint = "2301.00501",
    archivePrefix = "arXiv",
    primaryClass = "physics.ins-det",
    year = "2023"
}

@article{Elagin:2010aw,
    author = "Elagin, A. and Murat, P. and Pranko, A. and Safonov, A.",
    title = "{A new mass reconstruction technique for resonances decaying to di-tau}",
    eprint = "1012.4686",
    archivePrefix = "arXiv",
    primaryClass = "hep-ex",
    reportNumber = "FERMILAB-PUB-11-918-PPD",
    doi = "10.1016/j.nima.2011.07.009",
    journal = "Nucl. Instrum. Meth. A",
    volume = "654",
    pages = "481",
    year = "2011"
}

@article{Bianchini:2016yrt,
    author = "Bianchini, Lorenzo and Calpas, Betty and Conway, John and Fowlie, Andrew and Marzola, Luca and Veelken, Christian and Perrini, Lucia",
    title = "{Reconstruction of the Higgs mass in events with Higgs bosons decaying into a pair of $\Pgt$ leptons using matrix element techniques}",
    eprint = "1603.05910",
    archivePrefix = "arXiv",
    primaryClass = "hep-ex",
    reportNumber = "COEPP-MN-16-7",
    doi = "10.1016/j.nima.2017.05.001",
    journal = "Nucl. Instrum. Meth. A",
    volume = "862",
    pages = "54",
    year = "2017"
}

@article{Gong:2022lye,
    author = "Gong, Shiqi and Meng, Qi and Zhang, Jue and Qu, Huilin and Li, Congqiao and Qian, Sitian and Du, Weitao and Ma, Zhi-Ming and Liu, Tie-Yan",
    title = "{An efficient Lorentz equivariant graph neural network for jet tagging}",
    eprint = "2201.08187",
    archivePrefix = "arXiv",
    primaryClass = "hep-ph",
    doi = "10.1007/JHEP07(2022)030",
    journal = "JHEP",
    volume = "07",
    pages = "030",
    year = "2022"
}

@article{bahdanau2016neural,
    author = "Dzmitry Bahdanau and Kyunghyun Cho and Yoshua Bengio",
    title = "Neural machine translation by jointly learning to align and translate", 
    eprint = "1409.0473",
    archivePrefix = "arXiv",
    primaryClass = "cs.CL",
    year = "2016"
}

@article{vaswani2017attention,
      author = "Ashish Vaswani and Noam Shazeer and Niki Parmar and Jakob Uszkoreit and Llion Jones and Aidan N. Gomez and Lukasz Kaiser and Illia Polosukhin",
      title = "Attention is all you need", 
      eprint = "1706.03762",
      archivePrefix = "arXiv",
      primaryClass = "cs.CL",
      year = "2017",
      journal={Advances in neural information processing systems},
      volume={30},
}

@inproceedings{Lin:2017fqe,
    author = "Lin, Tsung-Yi and Goyal, Priya and Girshick, Ross and He, Kaiming and Doll\'ar, Piotr",
    title = "{Focal loss for dense object detection}",
    eprint = "1708.02002",
    archivePrefix = "arXiv",
    primaryClass = "cs.CV",
    booktitle={Proceedings of the IEEE international conference on computer vision},
    pages={2980},
    year = "2017"
}

@inproceedings{smith2018superconvergence,
    author = "Leslie N. Smith and Nicholay Topin",
    title = "Super-convergence: very fast training of neural networks using large learning rates", 
    eprint = "1708.07120",
    booktitle={Artificial intelligence and machine learning for multi-domain operations applications},
    archivePrefix = "arXiv",
    primaryClass = "cs.LG",
    volume={11006},
    pages={369},
    year={2019},
    organization={SPIE}
}


@inproceedings{Qu:2022mxj,
    title="{Particle Transformer for jet tagging}",
    author="Qu, Huilin and Li, Congqiao and Qian, Sitian",
    booktitle="{International conference on machine learning}",
    pages={18281},
    eprint = "2202.03772",
    archivePrefix = "arXiv",
    primaryClass = "hep-ph",
    year={2022},
    organization={PMLR}
}

@article{scikit-learn,
 title = "{Scikit-learn: Machine learning in Python}",
 author= "Pedregosa, F. and Varoquaux, G. and Gramfort, A. and Michel, V.
         and Thirion, B. and Grisel, O. and Blondel, M. and Prettenhofer, P.
         and Weiss, R. and Dubourg, V. and Vanderplas, J. and Passos, A. and
         Cournapeau, D. and Brucher, M. and Perrot, M. and Duchesnay, E.",
 journal = "Journal of Machine Learning Research",
 volume = "12",
 pages = "2825",
 year = "2011"
}

@article{villar2023scalars,
    author = "Soledad Villar and David W. Hogg and Kate Storey-Fisher and Weichi Yao and Ben Blum-Smith",
    title = "{Scalars are universal: Equivariant machine learning, structured like classical physics}", 
    eprint = "2106.06610",
    archivePrefix = "arXiv",
    primaryClass = "cs.LG",
    journal={Advances in Neural Information Processing Systems},
    year={2023}
}

@article{paszke2019pytorch,
    author = "Adam Paszke and Sam Gross and Francisco Massa and Adam Lerer and James Bradbury and Gregory Chanan and Trevor Killeen and Zeming Lin and Natalia Gimelshein and Luca Antiga and Alban Desmaison and Andreas Köpf and Edward Yang and Zach DeVito and Martin Raison and Alykhan Tejani and Sasank Chilamkurthy and Benoit Steiner and Lu Fang and Junjie Bai and Soumith Chintala",
    title = "PyTorch: An imperative style, high-performance deep learning library", 
    eprint = "1912.01703",
    archivePrefix = "arXiv",
    primaryClass = "cs.LG",
    journal={Advances in neural information processing systems},
    year = "2019",
}

@article{loshchilov2019decoupled,
    author = "Ilya Loshchilov and Frank Hutter",
    title = "Decoupled weight decay regularization", 
    eprint = "1711.05101",
    archivePrefix = "arXiv",
    primaryClass = "cs.LG",
    year = "2019"
}

@inproceedings{xie2017aggregated,
    author = "Saining Xie and Ross Girshick and Piotr Dollár and Zhuowen Tu and Kaiming He",
    title = "Aggregated residual transformations for deep neural networks", 
    eprint = "1611.05431",
    archivePrefix = "arXiv",
    booktitle={Proceedings of the IEEE conference on computer vision and pattern recognition},
    primaryClass = "cs.CV",
    year = "2017",
    pages={1492},
}

@article{Komiske:2018cqr,
    author = "Komiske, Patrick T. and Metodiev, Eric M. and Thaler, Jesse",
    title = "{Energy flow networks: Deep sets for particle jets}",
    eprint = "1810.05165",
    archivePrefix = "arXiv",
    primaryClass = "hep-ph",
    reportNumber = "MIT-CTP 5064",
    doi = "10.1007/JHEP01(2019)121",
    journal = "JHEP",
    volume = "01",
    pages = "121",
    year = "2019"
}

@article{Qu:2019gqs,
    author = "Qu, Huilin and Gouskos, Loukas",
    title = "{ParticleNet: Jet tagging via particle clouds}",
    eprint = "1902.08570",
    archivePrefix = "arXiv",
    primaryClass = "hep-ph",
    doi = "10.1103/PhysRevD.101.056019",
    journal = "Phys. Rev. D",
    volume = "101",
    pages = "056019",
    year = "2020"
}

@article{Cacciari:2011ma,
      author         = "Cacciari, Matteo and Salam, Gavin P. and Soyez, Gregory",
      title          = "{FastJet user manual}",
      journal        = "Eur. Phys. J. C",
      volume         = "72",
      pages          = "1896",
      doi            = "10.1140/epjc/s10052-012-1896-2",
      year           = "2012",
      eprint         = "1111.6097",
      archivePrefix  = "arXiv",
      primaryClass   = "hep-ph",
      reportNumber   = "CERN-PH-TH-2011-297",
      SLACcitation   = "%%CITATION = ARXIV:1111.6097;%%",
}

@article{Cacciari:2008gp,
      author         = "Cacciari, Matteo and Salam, Gavin P. and Soyez, Gregory",
      title          = "{The anti-$\kt$ jet clustering algorithm}",
      journal        = "JHEP",
      volume         = "04",
      year           = "2008",
      pages          = "063",
      doi            = "10.1088/1126-6708/2008/04/063",
      eprint         = "0802.1189",
      archivePrefix  = "arXiv",
      primaryClass   = "hep-ph",
      reportNumber   = "LPTHE-07-03",
      SLACcitation   = "%%CITATION = ARXIV:0802.1189;%%"
}

@article{Cacciari:2008gn,
      author         = "Cacciari, Matteo and Salam, Gavin P. and Soyez, Gregory",
      title          = "{The catchment area of jets}",
      journal        = "JHEP",
      volume         = "04",
      year           = "2008",
      pages          = "005",
      doi            = "10.1088/1126-6708/2008/04/005",
      eprint         = "0802.1188",
      archivePrefix  = "arXiv",
      primaryClass   = "hep-ph",
      reportNumber   = "LPTHE-07-02",
      SLACcitation   = "%%CITATION = ARXIV:0802.1188;%%"
}

@article{Cacciari:2007fd,
      author         = "Cacciari, Matteo and Salam, Gavin P.",
      title          = "{Pileup subtraction using jet areas}",
      journal        = "Phys. Lett. B",
      volume         = "659",
      pages          = "119",
      doi            = "10.1016/j.physletb.2007.09.077",
      year           = "2008",
      eprint         = "0707.1378",
      archivePrefix  = "arXiv",
      primaryClass   = "hep-ph",
      reportNumber   = "LPTHE-07-01",
      SLACcitation   = "%%CITATION = ARXIV:0707.1378;%%",
}

@TECHREPORT{CMS-DP-2020-041,
    AUTHOR      = "{CMS Collaboration}",
    TITLE       = "{Identification of hadronic tau decay channels using multivariate analysis (MVA decay mode)}",
    URL         = "https://cds.cern.ch/record/2727092",
    TYPE        = "CMS detector performance summary",
    NUMBER      = "CMS-DP-2020-041",
    YEAR        = "2020",
    institution={CMS}
}

@techreport{CLICdp:2017vju,
    author = "{CLIC Collaboration}",
    title = "{CLICdet: The post-CDR CLIC detector model}",
    URL = "{https://cds.cern.ch/record/2254048}",
    type = "{CLICdp note}",
    reportNumber = "CLICdp-Note-2017-001",
    year = "2017",
}
@book{Cowan:1998ji,
	author = "Cowan, G.",
	title = "{Statistical data analysis}",
	isbn = "978-0198501558",
	year = "1998",
	publisher = "{Clarendon Press}",
}

@article{Lange:2023gbe,
	author = "Lange, Torben and Nandan, Saswati and Pata, Joosep and Tani, Laurits and Veelken, Christian",
	title = "{Particle-flow based tau identification at future $\textrm{e}^{+}\textrm{e}^{-}$ colliders}",
	eprint = "2307.07747",
	archivePrefix = "arXiv",
	primaryClass = "hep-ex",
	month = "7",
	year = "2023"
}